
@InProceedings{	  AksenovaEtAl16Sigmorphon,
  author	= {Aks\"{e}nova, Al\"{e}na and Graf, Thomas and Moradi,
		  Sedigheh},
  title		= {Morphotactics as Tier-Based Strictly Local Dependencies},
  year		= {2016},
  booktitle	= {Proceedings of the 14th {SIGMORPHON} Workshop on
		  Computational Research in Phonetics, Phonology, and
		  Morphology},
  pages		= {121--130},
  url		= {https://www.aclweb.org/anthology/W/W16/W16-2019.pdf}
}

@InProceedings{	  DeSantoEtAl16TAG,
  author	= {De Santo, Aniello and Aks\"{e}nova, Al\"{e}na and Graf,
		  Thomas},
  title		= {An Alternate View on Strong Lexicalization in {TAG}},
  booktitle	= {Proceedings of the 12th International Workshop on {T}ree
		  {A}djoining {G}rammars and Related Formalisms ({TAG}+12)},
  year		= {2016},
  address	= {Düsseldorf, Germany},
  pages		= {93--102},
  url		= {http://www.aclweb.org/anthology/W16-3310}
}

@InProceedings{	  DeSantoGraf19FG,
  author	= {De Santo, Aniello and Graf, Thomas},
  editor	= {Bernardi, Raffaella and Kobele, Gregory and Pogodalla,
		  Sylvain},
  title		= {Structure Sensitive Tier Projection: Applications and
		  Formal Properties},
  booktitle	= {Formal Grammar},
  year		= {2019},
  publisher	= {Springer},
  address	= {Berlin, Heidelberg},
  pages		= {35--50},
  doi		= {10.1007/978-3-662-59648-7_3}
}

@Article{	  Graf07Snippets,
  author	= {Graf, Thomas},
  title		= {Agreement with Hybrid Nouns in {I}celandic},
  year		= {2007},
  journal	= {Snippets},
  volume	= {16},
  pages		= {7--8},
  note		= {Available at: \url{http://www.ledonline.it/snippets/}}
}

@MastersThesis{	  Graf07Thesis,
  author	= {Graf, Thomas},
  title		= {From Vagueness to Disaster: On the Intricacies of Feature
		  Checking},
  year		= {2007},
  school	= {University of Vienna}
}

@InProceedings{	  Graf09ESSLLI,
  author	= {Graf, Thomas},
  title		= {Towards a Factorization of String-Based Phonology},
  year		= {2009},
  booktitle	= {Proceedings of the $14^{\text{th}}$ Student Session of the
		  {E}uropean Summer School for Logic, Language and
		  Information ({ESSLLI})},
  pages		= {72--84},
  editor	= {Icard, Thomas}
}

@InProceedings{	  Graf10FG,
  author	= {Graf, Thomas},
  title		= {Reference-Set Constraints as Linear Tree Transductions via
		  Controlled Optimality Systems},
  year		= {2012},
  booktitle	= {{F}ormal {G}rammar 2010\slash 2011},
  pages		= {97--113},
  editor	= {de Groote, Philippe and Nederhof, Mark-Jan},
  volume	= {7395},
  series	= {Lecture Notes in Computer Science},
  address	= {Heidelberg},
  publisher	= {Springer},
  url		= {https://doi.org/10.1007/978-3-642-32024-8_7},
  doi		= {10.1007/978-3-642-32024-8_7}
}

@InCollection{	  Graf10FOLLI,
  author	= {Graf, Thomas},
  title		= {Formal Parameters of Phonology: {F}rom {G}overnment
		  {P}honology to {SPE}},
  year		= {2010},
  editor	= {Icard, Thomas and Muskens, Reinhard},
  booktitle	= {Interfaces: {E}xplorations in Logic, Language and
		  Computation},
  publisher	= {Springer},
  address	= {Berlin},
  pages		= {72--86},
  volume	= {6211},
  series	= {Lectures Notes in Artifical Intelligence}
}

@InProceedings{	  Graf10MOL,
  author	= {Graf, Thomas},
  title		= {Some Interdefinability Results for Syntactic Constraint
		  Classes},
  year		= {2010},
  booktitle	= {The Mathematics of Language},
  pages		= {72--87},
  editor	= {Ebert, Christian and Jäger, Gerhard and Michaelis, Jens},
  volume	= {6149},
  series	= {Lecture Notes in Computer Science},
  address	= {Heidelberg},
  publisher	= {Springer}
}

@Article{	  Graf10PLC,
  author	= {Graf, Thomas},
  title		= {Comparing Incomparable Frameworks: A Model Theoretic
		  Approach to Phonology},
  year		= {2010},
  journal	= {University of Pennsylvania Working Papers in Linguistics},
  volume	= {16},
  pages		= {Article 10},
  number	= {2},
  url		= {http://repository.upenn.edu/pwpl/vol16/iss1/10}
}

@MastersThesis{	  Graf10Thesis,
  author	= {Graf, Thomas},
  title		= {Logics of Phonological Reasoning},
  year		= {2010},
  school	= {University of California, Los Angeles},
  url		= {http://thomasgraf.net/doc/papers/LogicsOfPhonologicalReasoning.pdf}
}

@Article{	  Graf10WPL,
  author	= {Graf, Thomas},
  title		= {A Tree Transducer Model of Reference-Set Computation},
  year		= {2010},
  journal	= {UCLA Working Papers in Linguistics},
  volume	= {15},
  pages		= {1--53},
  eid		= {Article 4}
}

@Proceedings{	  Graf10WPLissue,
  title		= {Papers in Mathematical Linguistics 1},
  year		= {2010},
  editor	= {Thomas Graf},
  volume	= {15},
  series	= {UCLA Working Papers in Linguistics}
}

@InProceedings{	  Graf11FG,
  author	= {Graf, Thomas},
  title		= {Locality and the Complexity of {M}inimalist Derivation
		  Tree Languages},
  year		= {2012},
  booktitle	= {{F}ormal {G}rammar 2010\slash 2011},
  pages		= {208--227},
  editor	= {de Groot, Philippe and Nederhof, Mark-Jan},
  volume	= {7395},
  series	= {Lecture Notes in Computer Science},
  address	= {Heidelberg},
  publisher	= {Springer},
  doi		= {10.1007/978-3-642-32024-8_14},
  url		= {http://dx.doi.org/10.1007/978-3-642-32024-8_14}
}

@InProceedings{	  Graf11LACL,
  author	= {Graf, Thomas},
  title		= {Closure Properties of {M}inimalist Derivation Tree
		  Languages},
  year		= {2011},
  booktitle	= {{LACL} 2011},
  pages		= {96--111},
  editor	= {Pogodalla, Sylvain and Prost, Jean-Philippe},
  volume	= {6736},
  series	= {Lecture Notes in Artificial Intelligence},
  address	= {Heidelberg},
  publisher	= {Springer},
  doi		= {10.1007/978-3-642-22221-4_7},
  url		= {https://dx.doi.org/10.1007/978-3-642-22221-4_7}
}

@InCollection{	  Graf12Interfaces,
  author	= {Graf, Thomas},
  title		= {Concealed Reference-Set Computation: {H}ow Syntax Escapes
		  the Parser's Clutches},
  year		= {2012},
  editor	= {Di Sciullo, Anna Maria},
  booktitle	= {Towards a Biolinguistic Understanding of Grammar. {E}ssays
		  on Interfaces},
  publisher	= {John Benjamins},
  address	= {Amsterdam},
  pages		= {339--362}
}

@InProceedings{	  Graf12LACL,
  author	= {Graf, Thomas},
  title		= {Movement-Generalized {M}inimalist Grammars},
  year		= {2012},
  booktitle	= {{LACL} 2012},
  pages		= {58--73},
  editor	= {Béchet, Denis and Dikovsky, Alexander J.},
  volume	= {7351},
  series	= {Lecture Notes in Computer Science},
  doi		= {10.1007/978-3-642-31262-5_4},
  url		= {http://dx.doi.org/10.1007/978-3-642-31262-5_4}
}

@InCollection{	  Graf12PCC,
  author	= {Graf, Thomas},
  title		= {An Algebraic Perspective on the {P}erson {C}ase
		  {C}onstraint},
  year		= {2012},
  editor	= {Graf, Thomas and Paperno, Denis and Szabolcsi, Anna and
		  Tellings, Jos},
  booktitle	= {Theories of Everything. {I}n Honor of {E}d {K}eenan},
  pages		= {85--90},
  volume	= {17},
  series	= {UCLA Working Papers in Linguistics}
}

@InProceedings{	  Graf12TAG,
  author	= {Graf, Thomas},
  title		= {Tree Adjunction as {M}inimalist Lowering},
  year		= {2012},
  booktitle	= {Proceedings of the 11th International Workshop on {T}ree
		  {A}djoining {G}rammars and Related Formalisms ({TAG+11})},
  pages		= {19--27},
  url		= {http://www.aclweb.org/old_anthology/W/W12/W12-4603.pdf}
}

@InProceedings{	  Graf13CLS,
  author	= {Graf, Thomas},
  title		= {The Syntactic Algebra of Adjuncts},
  year		= {2013},
  booktitle	= {Proceedings of {CLS} 49},
  note		= {To appear}
}

@PhDThesis{	  Graf13Thesis,
  author	= {Graf, Thomas},
  title		= {Local and Transderivational Constraints in Syntax and
		  Semantics},
  year		= {2013},
  school	= {UCLA},
  url		= {http://thomasgraf.net/doc/papers/Graf13Thesis.pdf}
}

@InProceedings{	  Graf14CLS,
  author	= {Graf, Thomas},
  title		= {Feature Geometry and the {P}erson {C}ase {C}onstraint: An
		  Algebraic Link},
  year		= {2014},
  booktitle	= {Proceedings of {CLS} 50},
  note		= {To appear},
  url		= {http://thomasgraf.net/doc/papers/Graf14CLS.pdf}
}

@InProceedings{	  Graf14Festschrift,
  author	= {Graf, Thomas},
  title		= {Beyond the Apparent: {C}ognitive Parallels Between Syntax
		  and Phonology},
  year		= {2014},
  booktitle	= {Connectedness: {P}apers by and for {S}arah van {W}agenen},
  pages		= {161--174},
  series	= {UCLA Working Papers in Linguistics},
  volume	= {18},
  editor	= {Schütze, Carson T. and Stockall, Linnaea}
}

@InProceedings{	  Graf14FG,
  author	= {Graf, Thomas},
  title		= {Models of Adjunction in {M}inimalist Grammars},
  year		= {2014},
  booktitle	= {{F}ormal {G}rammar 2014},
  pages		= {52--68},
  editor	= {Morrill, Glynn and Muskens, Reinhard and Osswald, Rainer
		  and Richter, Frank},
  volume	= {8612},
  series	= {Lecture Notes in Computer Science},
  address	= {Heidelberg},
  publisher	= {Springer},
  doi		= {10.1007/978-3-662-44121-3_4},
  url		= {https://doi.org/10.1007/978-3-662-44121-3_4}
}

@InProceedings{	  Graf14LACL,
  author	= {Graf, Thomas},
  title		= {Late Merge as Lowering Movement in {M}inimalist Grammars},
  year		= {2014},
  booktitle	= {{LACL} 2014},
  pages		= {107--121},
  editor	= {Asher, Nicholas and Soloviev, Sergei},
  volume	= {8535},
  series	= {Lecture Notes in Computer Science},
  address	= {Heidelberg},
  publisher	= {Springer},
  doi		= {10.1007/978-3-662-43742-1_9},
  url		= {https://doi.org/10.1007/978-3-662-43742-1_9}
}

@InCollection{	  Graf17Festschrift,
  author	= {Graf, Thomas},
  title		= {Derivations as Representations: {N}ews from the
		  Computational Frontier},
  booktitle	= {Festschrift for {M}artin {P}rinzhorn},
  editor	= {Mayr, Clemens and Williams, Edwin},
  series	= {Wiener Linguistische Gazette},
  volume	= {82},
  pages		= {61--69},
  year		= {2017}
}

@Article{	  Graf17Glossa,
  author	= {Graf, Thomas},
  title		= {A Computational Guide to the Dichotomy of Features and
		  Constraints},
  year		= {2017},
  journal	= {Glossa},
  volume	= {2},
  article	= {18},
  pages		= {1--36},
  doi		= {10.5334/gjgl.212},
  url		= {https://dx.doi.org/10.5334/gjgl.212}
}

@InProceedings{	  Graf17MOL,
  author	= {Graf, Thomas},
  title		= {Graph Transductions and Typological Gaps in Morphological
		  Paradigms},
  year		= {2017},
  booktitle	= {Proceedings of the 15th Meeting on the Mathematics of
		  Language ({MOL} 2017)},
  pages		= {114--126},
  url		= {http://www.aclweb.org/anthology/W17-3411}
}

@Article{	  Graf17Phonology,
  author	= {Graf, Thomas},
  title		= {The Power of Locality Domains in Phonology},
  year		= {2017},
  journal	= {Phonology},
  volume	= {34},
  pages		= {385--405},
  doi		= {10.1017/S0952675717000197},
  url		= {https://dx.doi.org/10.1017/S0952675717000197}
}

@InProceedings{	  Graf17SCiL,
  author	= {Graf, Thomas},
  title		= {Grammar Size and Quantitative Restrictions on Movement},
  year		= {2018},
  booktitle	= {Proceedings of the {S}ociety for {C}omputation in
		  {L}inguistics ({SCiL}) 2018},
  pages		= {23--33},
  doi		= {10.7275/R5348HJ8}
}

@InProceedings{	  Graf18CLS,
  author	= {Graf, Thomas},
  title		= {Why Movement Comes for Free Once You Have Adjunction},
  year		= {2018},
  booktitle	= {Proceedings of {CLS} 53},
  editor	= {Edmiston, Daniel and Ermolaeva, Marina and Hakgüder, Emre
		  and Lai, Jackie and Montemurro, Kathryn and Rhodes, Brandon
		  and Sankhagowit, Amara and Tabatowski, Miachel},
  pages		= {117--136}
}

@Article{	  Graf18JLM,
  author	= {Graf, Thomas},
  title		= {Monotonicity as an Effective Theory of Morphosyntactic
		  Variation},
  year		= {2019},
  journal	= {Journal of Language Modelling},
  note		= {to appear}
}

@InProceedings{	  Graf18NELS,
  author	= {Graf, Thomas},
  title		= {Locality Domains and Phonological c-Command Over Strings},
  year		= {2018},
  booktitle	= {NELS 48: Proceedings of the Forty-Eighth Annual Meeting of
		  the North East Linguistic Society},
  editors	= {Hucklebridge, Sherry and Nelson, Max},
  volume	= {1},
  url		= {http://ling.auf.net/lingbuzz/004080},
  pages		= {257--270},
  publisher	= {GLSA},
  address	= {Amherst, MA}
}

@InProceedings{	  Graf19AC,
  author	= {Graf, Thomas},
  title		= {A Subregular Bound on the Complexity of Lexical
		  Quantifiers},
  year		= {2019},
  booktitle	= {Proceedings of the 22nd {A}msterdam {C}olloquium},
  editor	= {Schl\"{o}der, Julian J. and McHugh, Dean and Roelofsen,
		  Floris},
  pages		= {455--464}
}

@Article{	  Graf19JLM,
  author	= {Graf, Thomas},
  title		= {Monotonicity as an Effective Theory of Morphosyntactic
		  Variation},
  year		= {2019},
  journal	= {Journal of Language Modelling},
  volume	= {7},
  issue		= {2},
  pages		= {3--47}
}

@InProceedings{	  Graf20SCiL,
  title		= {Curbing Feature Coding: {S}trictly Local Feature
		  Assignment},
  author	= {Graf, Thomas},
  booktitle	= {Proceedings of the Society for Computation in Linguistics
		  ({SCiL}) 2019},
  year		= {2020},
  booktitle	= {Proceedings of the {S}ociety for {C}omputation in
		  {L}inguistics ({SCiL}) 2020},
  pages		= {362--371}
}

@InProceedings{	  GrafAbner12TAG,
  author	= {Graf, Thomas and Natasha Abner},
  title		= {Is Syntactic Binding Rational?},
  year		= {2012},
  booktitle	= {Proceedings of the 11th International Workshop on {T}ree
		  {A}djoining {G}rammars and Related Formalisms ({TAG+11})},
  pages		= {189--197},
  url		= {http://thomasgraf.net/doc/papers/GrafAbner12TAG.pdf}
}

@InProceedings{	  GrafDeSanto19MOL,
  title		= {Sensing Tree Automata as a Model of Syntactic
		  Dependencies},
  author	= {Graf, Thomas and De Santo, Aniello},
  booktitle	= {Proceedings of the 16th Meeting on the Mathematics of
		  Language},
  pages		= {12--26},
  year		= {2019},
  address	= {Toronto, Canada},
  publisher	= {Association for Computational Linguistics},
  url		= {https://www.aclweb.org/anthology/W19-5702}
}

@Proceedings{	  GrafEtAl12Festschrift,
  title		= {Theories of Everything. In Honor of Ed Keenan},
  year		= {2012},
  editor	= {Graf, Thomas and Paperno, Denis and Szabolcsi, Anna and
		  Tellings, Jos},
  volume	= {17},
  series	= {UCLA Working Papers in Linguistics}
}

@InProceedings{	  GrafEtAl15MOL,
  author	= {Graf, Thomas and Fodor, Brigitta and Monette, James and
		  Rachiele, Gianpaul and Warren, Aunika and Zhang, Chong},
  title		= {A Refined Notion of Memory Usage for Minimalist Parsing},
  booktitle	= {Proceedings of the 14th Meeting on the Mathematics of
		  Language ({MOL} 2015)},
  year		= {2015},
  address	= {Chicago, USA},
  publisher	= {Association for Computational Linguistics},
  pages		= {1--14},
  url		= {http://www.aclweb.org/anthology/W15-2301}
}

@InProceedings{	  GrafEtAl16FG,
  author	= {Graf, Thomas and Aks\"{e}nova, Al\"{e}na and De Santo,
		  Aniello},
  title		= {A Single Movement Normal Form for {M}inimalist Grammars},
  year		= {2016},
  booktitle	= {{F}ormal {G}rammar: 20th and 21st International
		  Conferences, {FG} 2015, {B}arcelona, {S}pain, {A}ugust
		  2015, Revised Selected Papers. {FG} 2016, {B}ozen, {I}taly,
		  {A}ugust 2016},
  editor	= {Foret, Annie and Morrill, Glyn and Muskens, Reinhard and
		  Osswald, Rainer and Pogodalla, Sylvain},
  publisher	= {Springer},
  address	= {Berlin, Heidelberg},
  pages		= {200--215},
  abstract	= {Movement is the locus of power in Minimalist grammars
		  (MGs) but also their primary source of complexity. In order
		  to simplify future analysis of the formalism, we prove that
		  every MG can be converted into a strongly equivalent MG
		  where every phrase moves at most once. The translation
		  procedure is implemented via a deterministic linear tree
		  transduction on the derivation tree language and induces at
		  most a linear blow-up in the size of the lexicon.},
  isbn		= "978-3-662-53042-9",
  doi		= {10.1007/978-3-662-53042-9_12},
  url		= {https://doi.org/10.1007/978-3-662-53042-9_12}
}

@Article{	  GrafEtAl17JLM,
  author	= {Graf, Thomas and Monette, James and Zhang, Chong},
  title		= {Relative Clauses as a Benchmark for {M}inimalist Parsing},
  year		= {2017},
  journal	= {Journal of Language Modelling},
  volume	= {5},
  pages		= {57--106},
  url		= {http://dx.doi.org/10.15398/jlm.v5i1.157},
  doi		= {10.15398/jlm.v5i1.157}
}

@InProceedings{	  GrafMarcinek14CMCL,
  author	= {Graf, Thomas and Marcinek, Bradley},
  title		= {Evaluating Evaluation Metrics for {M}inimalist Parsing},
  year		= {2014},
  booktitle	= {Proceedings of the 2014 {ACL} Workshop on Cognitive
		  Modeling and Computational Linguistics ({CMCL})},
  pages		= {28--36}
}

@InProceedings{	  GrafMayer18Sigmorphon,
  author	= {Graf, Thomas and Mayer, Connor},
  title		= {Sanskrit n-Retroflexion is Input-Output Tier-Based
		  Strictly Local},
  year		= {2018},
  booktitle	= {Proceedings of {SIGMORPHON} 2018},
  pages		= {151--160}
}

@InProceedings{	  GrafShafiei19SCiL,
  author	= {Graf, Thomas and Shafiei, Nazila},
  title		= {C-Command Dependencies as {TSL} String Constraints},
  year		= {2019},
  booktitle	= {Proceedings of the {S}ociety for {C}omputation in
      {L}inguistics ({SCiL}) 2019},
  editor	= {Jarosz, Gaja and Nelson, Max and O'Connor, Brendan and
		  Pater, Joe},
  pages		= {205--215}
}

@InProceedings{	  ShafieiGraf20SCiL,
  author	= {Shafiei, Nazila and Graf, Thomas},
  title		= {The Subregular Complexity of Syntactic Islands},
  year		= {2020},
  booktitle	= {Proceedings of the {S}ociety for {C}omputation in
		  {L}inguistics ({SCiL}) 2020},
  pages		= {272--281}
}

@InProceedings{	  VuEtAl19SCiL,
  author	= {Vu, Mai Ha and Shafiei, Nazila and Graf, Thomas},
  title		= {Case Assignment in {TSL} Syntax: A Case Study},
  year		= {2019},
  booktitle	= {Proceedings of the {S}ociety for {C}omputation in
		  {L}inguistics ({SCiL}) 2019},
  editor	= {Jarosz, Gaja and Nelson, Max and O'Connor, Brendan and
		  Pater, Joe},
  pages		= {267--276},
  doi		= {10.7275/sywz-xw23}
}
